
@book{grossman_elementary_1994,
	title = {Elementary Linear Algebra},
	isbn = {978-0-03-097354-3},
	abstract = {Intended for the first course in linear algebra, this widely used text balances mathematical techniques and mathematical proofs. It presents theory in small steps and provides more examples and exercises involving computations than competing texts.},
	pagetotal = {792},
	publisher = {Saunders College Pub.},
	author = {Grossman, Stanley I.},
	date = {1994},
	langid = {english},
	note = {Google-Books-{ID}: sz3YAAAAMAAJ},
	keywords = {Mathematics / Algebra / General, Mathematics / General, Mathematics / Calculus, Mathematics / Algebra / Linear},
}

@book{martinez_algebra_2024,
	title = {Álgebra lineal},
	isbn = {978-958-507-084-4},
	abstract = {El álgebra lineal es una parte fundamental de la herramienta matemática que se requiere para afrontar el estudio de las ciencias naturales y físicas, de las ciencias del comportamiento, de la ingeniería, de la economía, de la computación, y por supuesto, de las matemáticas puras y aplicadas. Su importancia se hace más evidente en las aplicaciones de las matemáticas y, aún más, con la presencia de los computadores. La gran mayoría de los algoritmos computacionales de áreas como optimización, ecuaciones diferenciales, aproximación de funciones, entre otras, requieren de la solución directa o indirecta de uno o más problemas de álgebra lineal. Son estas razones por lo cual, en una gran cantidad de programas académicos, el álgebra lineal es una asignatura del currículo. El contenido básico de estos cursos es la presentación de los conceptos fundamentales del álgebra lineal y su caracterización teórica, aunque algunos de ellos hacen referencia a aplicaciones específicas que se consideran de dominio público.},
	pagetotal = {428},
	publisher = {Universidad del Valle},
	author = {Martínez, Héctor Jairo and Sanabria, Ana María},
	date = {2024-07-04},
	langid = {spanish},
	note = {Google-Books-{ID}: {yRETEQAAQBAJ}},
	keywords = {Mathematics / General},
}

@book{lipschutz_algebra_1991,
	title = {Algebra Lineal},
	isbn = {978-84-7615-758-9},
	author = {Lipschutz, Seymour},
	date = {1991},
}
